<?xml version="1.0" encoding="UTF-8"?><collection xmlns="http://www.loc.gov/MARC21/slim"><record><leader>00391nam--2200145-i-4500</leader><controlfield tag="001">000009942</controlfield><controlfield tag="002">20161230</controlfield><controlfield tag="005">20170125233622</controlfield><controlfield tag="008">060222s1000------------r-----000-0-eng-d</controlfield><datafield ind1=" " ind2=" " tag="080"><subfield code="a">54</subfield></datafield><datafield ind1=" " ind2=" " tag="245"><subfield code="a">Chemical bond approach project. Chemical systems</subfield></datafield><datafield ind1=" " ind2=" " tag="260"><subfield code="a">St.Louis</subfield><subfield code="b">Webster Division, Mcgraw-hill Book Comp</subfield><subfield code="c">1964</subfield></datafield><datafield ind1=" " ind2=" " tag="300"><subfield code="a">VII+772 p</subfield></datafield><datafield ind1=" " ind2=" " tag="852"><subfield code="a">35994</subfield></datafield><datafield ind1=" " ind2=" " tag="CAT"><subfield code="a">SYS</subfield><subfield code="c">20170125</subfield><subfield code="h">233622</subfield></datafield></record></collection>